@article{ORLib,
	author = "{Beasley, J.E.}",
	title = "{OR-Library}",
	year = "{1990-2017}",
	URL = "{http://people.brunel.ac.uk/~mastjjb/jeb/orlib/wtinfo.html}"
}

@article{Dynasearch,
	author = "{Congram, R.K., Potts, C.N., van de Velde, S.L.}",
	title = "{An iterated dynasearch algorithm for the single-machine total weighted tardiness scheduling problem}",
	year = "{1998}"
}

@article{JavaDocs,
	title = "{Javaâ„¢ Platform, Standard Edition 8 - API Specification}",
	journal = "{Oracle America, Inc.}",
	year = "{2015}",
	month = "{March}",
	URL = "{https://docs.oracle.com/javase/8/docs/api/}"
}
